@inproceedings{LegionSC12,
  author = {Bauer, Michael and Treichler, Sean and Slaughter, Elliott
    and Aiken, Alex},
  title = {Legion: Expressing Locality and Independence with Logical Regions},
  year = {2012},
  isbn = {9781467308045},
  publisher = {IEEE Computer Society Press},
  address = {Washington, DC, USA},
  booktitle = {Proceedings of the International Conference on
    High Performance Computing, Networking, Storage and Analysis},
  articleno = {Article 66},
  numpages = {11},
  location = {Salt Lake City, Utah},
  series = {SC â€™12}
}
